<record><leader>00000cas a2200000 a 4500</leader><controlfield tag="001">9625651</controlfield><controlfield tag="008">830620d18341852mauwr ne      0    0eng c</controlfield><datafield ind1=" " ind2=" " tag="010"><subfield code="a">sn 83020893 </subfield></datafield><datafield ind1=" " ind2=" " tag="040"><subfield code="a">NPX</subfield><subfield code="b">eng</subfield><subfield code="c">NPX</subfield><subfield code="d">NPU</subfield><subfield code="d">NPA</subfield><subfield code="d">DLC</subfield><subfield code="d">MGN</subfield><subfield code="d">DLC</subfield><subfield code="d">MGN</subfield><subfield code="d">OCL</subfield><subfield code="d">DLC</subfield><subfield code="d">OCLCG</subfield><subfield code="d">DLC</subfield><subfield code="d">OCLCQ</subfield><subfield code="d">OCLCF</subfield></datafield><datafield ind1="1" ind2=" " tag="029"><subfield code="a">AU@</subfield><subfield code="b">000020292475</subfield></datafield><datafield ind1=" " ind2=" " tag="042"><subfield code="a">pcc</subfield></datafield><datafield ind1=" " ind2=" " tag="043"><subfield code="a">n-us-ma</subfield></datafield><datafield ind1="0" ind2="0" tag="050"><subfield code="a">Newspaper</subfield></datafield><datafield ind1="0" ind2="0" tag="245"><subfield code="a">Massachusetts eagle.</subfield></datafield><datafield ind1=" " ind2=" " tag="260"><subfield code="a">Lenox, Mass. :</subfield><subfield code="b">J.Z. Goodrich,</subfield><subfield code="c">1834-1852.</subfield></datafield><datafield ind1=" " ind2=" " tag="300"><subfield code="a">v. ;</subfield><subfield code="c">51-56 cm.</subfield></datafield><datafield ind1=" " ind2=" " tag="310"><subfield code="a">Weekly</subfield></datafield><datafield ind1="0" ind2=" " tag="362"><subfield code="a">Vol. 6, no. 1 (Aug. 28, 1834)-v. 24, no. 22 (Dec. 31, 1852).</subfield></datafield><datafield ind1=" " ind2=" " tag="500"><subfield code="a">Whig.</subfield></datafield><datafield ind1=" " ind2=" " tag="500"><subfield code="a">Published simultaneously at Pittsfield, Mass. and Lenox, Mass., 1842-&lt;1843&gt;; published solely at Pittsfield, Mass., 1844-1852.</subfield></datafield><datafield ind1=" " ind2=" " tag="500"><subfield code="a">Published by C. Montague, &lt;1840-1852&gt;.</subfield></datafield><datafield ind1=" " ind2=" " tag="500"><subfield code="a">Editors: J. Goodrich, &lt;1834-1836&gt;; Goodrich &amp; Barnum, &lt;1837&gt;; H.W. Taft, &lt;1838-1839&gt;; C. Montague, &lt;1840-1844&gt;; Montague &amp; M. Dawes, &lt;1844-1852&gt;.</subfield></datafield><datafield ind1=" " ind2=" " tag="515"><subfield code="a">Issue for Jan. 1, 1835 dated 1834; issue for Jan. 1, 1848 dated 1847.</subfield></datafield><datafield ind1=" " ind2=" " tag="515"><subfield code="a">Vol. 6, no. 1 (Aug. 28, 1834)-v. 18, no. 24 (Jan. 22, 1847) also called [no.] 261-978.</subfield></datafield><datafield ind1=" " ind2="0" tag="651"><subfield code="a">Lenox (Mass.)</subfield><subfield code="v">Newspapers.</subfield></datafield><datafield ind1=" " ind2="0" tag="651"><subfield code="a">Pittsfield (Mass.)</subfield><subfield code="v">Newspapers.</subfield></datafield><datafield ind1=" " ind2="7" tag="655"><subfield code="a">Newspapers.</subfield><subfield code="2">fast</subfield><subfield code="0">(OCoLC)fst01423814</subfield></datafield><datafield ind1=" " ind2="7" tag="651"><subfield code="a">Massachusetts</subfield><subfield code="z">Lenox.</subfield><subfield code="2">fast</subfield><subfield code="0">(OCoLC)fst01216236</subfield></datafield><datafield ind1=" " ind2="7" tag="651"><subfield code="a">Massachusetts</subfield><subfield code="z">Pittsfield.</subfield><subfield code="2">fast</subfield><subfield code="0">(OCoLC)fst01217528</subfield></datafield><datafield ind1="1" ind2=" " tag="700"><subfield code="a">Goodrich, John Z.</subfield><subfield code="q">(John Zacheus),</subfield><subfield code="d">1804-1885.</subfield></datafield><datafield ind1="1" ind2=" " tag="700"><subfield code="a">Barnum, C. T.</subfield></datafield><datafield ind1="1" ind2=" " tag="700"><subfield code="a">Taft, Henry W.</subfield></datafield><datafield ind1="1" ind2=" " tag="700"><subfield code="a">Montague, Charles.</subfield></datafield><datafield ind1="1" ind2=" " tag="700"><subfield code="a">Dawes, M.</subfield></datafield><datafield ind1=" " ind2=" " tag="752"><subfield code="a">United States</subfield><subfield code="b">Massachusetts</subfield><subfield code="c">Berkshire</subfield><subfield code="d">Lenox.</subfield></datafield><datafield ind1=" " ind2=" " tag="752"><subfield code="a">United States</subfield><subfield code="b">Massachusetts</subfield><subfield code="c">Berkshire</subfield><subfield code="d">Pittsfield.</subfield></datafield><datafield ind1="0" ind2="0" tag="780"><subfield code="t">Journal and Argus (Lenox, Mass.)</subfield><subfield code="w">(DLC)sn 83020892</subfield></datafield><datafield ind1="0" ind2="0" tag="785"><subfield code="t">Berkshire County eagle</subfield><subfield code="w">(DLC)sn 83020894</subfield><subfield code="w">(OCoLC)9625720</subfield><subfield code="w">(OCoLC)9625519</subfield></datafield></record>